@book{RogersPreece,
  author    = {Y. Rogers and H. Sharp and J. Preece}, 
  title     = {{Interaction Design}: beyond human-computer interaction},
  publisher = {John Wiley \& Sons Ltd},
  year      = {2011},
  address   = {Chichester},
  edition   = {3rd} 
}

@book{OxfordDict,
    editor	= {D. Thompson},
    title	= {{The Concise Oxford Dictionary of Current English}},
    edition	= {9th},
    year 	= {1995},
    address 	= {New York},
    publisher	= {Oxford University Press}
    
 }
 
@article{LEMO,
  title={The {LEMO} annotation framework: weaving multimedia annotations with the web},
  author={B. Haslhofer and J. Wolfgang and R. King and C. Sadilek and K. Schellner},
  journal={International Journal on Digital Libraries},
  volume={10},
  number={1},
  pages={15—32},
  year={2009},
  publisher={Springer}
}

@article{Ovsiannikov,
  title={Annotation technology},
  author={Ovsiannikov, Ilia A and Arbib, Michael A and McNeill, Thomas H},
  journal={International journal of human-computer studies},
  volume={50},
  number={4},
  pages={329—362},
  year={1999},
  publisher={Elsevier}
}

@inproceedings{Marshall2000,
  author = {Marshall, Catherine C},
  year = {2000},
  title = {The future of annotation in a digital (paper) world},
  booktitle = {Proceedings of the 35th Annual Clinic on Library Applications of Data Processing: Successes and Failures of Digital Libraries},
  pages = {43—53}
}

@inproceedings{Marshall2004,
  title={Exploring the relationship between personal and public annotations},
  author={Marshall, Catherine C and Brush, AJ Bernheim},
  booktitle={Digital Libraries, 2004. Proceedings of the 2004 Joint ACM/IEEE Conference on},
  pages={349—357},
  year={2004},
  organization={IEEE}
}

@incollection{Agosti,
  title={Annotations in digital libraries and collaboratories-facets, models and usage},
  author={Agosti, Maristella and Ferro, Nicola and Frommholz, Ingo and Thiel, Ulrich},
  booktitle={Research and Advanced Technology for Digital Libraries},
  pages={244—255},
  year={2004},
  publisher={Springer}
}

@article{Arko,
  title={Using annotations to add value to a digital library for education},
  author={Arko, Robert A and Ginger, Kathryn M and Kastens, Kim A and Weatherley, John},
  journal={D-Lib Magazine},
  volume={12},
  number={5},
  pages={2},
  year={2006},
  publisher={Corporation for National Research Initiatives}
}

@misc{MSOffice,
    title={{Microsoft Office}},
    url={http://office.microsoft.com}    
    }
   
@misc{Adobe,
    title={{Adobe Reader}},
    url={http://get.adobe.com/reader/}    
    }
    
@misc{GDrive,
    title ={{Google Drive}},
    url={https://drive.google.com/}    
    }

@misc{AnnotateCom,
    title={{A.nnotate.com}},
    url={http://a.nnotate.com/}    
    }
    
@misc{AnnotateIt,
    title={{AnnotateIt}},
    url={http://annotateit.org/}
    
    }

@misc{Annotator,
    title={Annotator},
    url={http://okfnlabs.org/projects/annotator/index.html}
}

@misc{CoffeeScript,
    title={{CoffeeScript}},
    url={http://coffeescript.org/}
}

@misc{CouchDB,
    title={{CouchDB}},
    url={http://couchdb.apache.org/}
}

@misc{Balsamiq,
    title={Balsamiq},
    url={http://balsamiq.com/}
}

@misc{Github,
    title={{GitHub}},
    url={ https://github.com/}
}

@misc{Bootstrap,
    title={Bootstrap 2.3.2},
  url={http://getbootstrap.com/2.3.2/}
}

@misc{DataTables,
    title={{DataTables}},
    url={https://datatables.net/}
}

@misc{jQuery,
    title={{jQuery}},
    url={http://jquery.com/}
}


@misc{JS,
    title={{JavaScript}},
    url={http://en.wikipedia.org/wiki/JavaScript}
}

@article{Berners-Lee,
  title={The semantic web},
  author={Berners-Lee, Tim and Hendler, James and Lassila, Ora},
  journal={Scientific American},
  volume={284},
  number={5},
  pages={28—37},
  year={2001},
  publisher={New York, NY, USA:}
}

@article{Uren,
  title={{Semantic annotation for knowledge management: Requirements and a survey of the state of the art}},
  author={Uren, Victoria and Cimiano, Philipp and Iria, Jos{\'e} and Handschuh, Siegfried and Vargas-Vera, Maria and Motta, Enrico and Ciravegna, Fabio},
  journal={Web Semantics: science, services and agents on the World Wide Web},
  volume={4},
  number={1},
  pages={14—28},
  year={2006},
  publisher={Elsevier}
}

@article{kahan2002annotea,
  title={{Annotea: an open RDF infrastructure for shared Web annotations}},
  author={Kahan, Jos{\'e} and Koivunen, M-R and Prud'Hommeaux, Eric and Swick, Ralph R},
  journal={Computer Networks},
  volume={39}, 
  number={5},
  pages={589—608},
  year={2002},
  publisher={Elsevier}
}

@inproceedings{handschuh2002authoring,
  title={{Authoring and annotation of web pages in CREAM}},
  author={Handschuh, Siegfried and Staab, Steffen},
  booktitle={Proceedings of the 11th international conference on World Wide Web},
  pages={462—473},
  year={2002},
  organization={ACM}
}

@misc{Amaya,
    title ={Amaya},
    url={http://www.w3.org/Amaya/}  
}

@misc{Annotea,
    title={Annotea},
    url={http://www.w3.org/2001/Annotea/User/Tutorial/quicktutorial.html}
}

@misc{Annozilla,
    title={Annozilla},
    url={http://annozilla.mozdev.org/}
}

@misc{Annotator,
    title={Annotator},
    url={http://okfnlabs.org/annotator/}
}

@misc{AnnotatorAPI,
  title={{Annotator API Documentation}},
  url={https://github.com/okfn/annotator/wiki/Storage},
  note={{[Accessed: 8 January, 2014]}}
}

@incollection{debora,
  title={{DEBORA: Developing an interface to support collaboration in a digital library}},
  author={Nichols, D.M. and Pemberton, D. and Dalhoumi, S. and Larouk, O. and Belisle, C. and Twidale, M.B.},
  booktitle={Research and Advanced Technology for Digital Libraries},
  pages={239—248},
  year={2000},
  publisher={Springer}
}

@misc{DeboraLink,
  title={{DEBORA}},
  url={http://www.comp.lancs.ac.uk/computing/research/cseg/projects/debora/set.html},
  note={{[Accessed: 6 January, 2014]}}
}

@misc{Mojiti,
  title={Mojiti},
  url={http://web.archive.org/web/20071019205040/http://mojiti.com/},
  note={{[Accessed 7 January, 2014]}}
}

@misc{InternetArchive,
  title={{The Internet Archive}},
  url={http://archive.org/web/}
}

@misc{YouTubeAnns,
  title={{YouTube Annotations}},
  url={https://www.youtube.com/t/annotations_about}
}


@misc{Vannotea,
  title={Vannotea},
  url={http://www.itee.uq.edu.au/eresearch/projects/vannotea}
}

@misc{AnnoteaSidebarDoc,
  title={Annotea sidebar documentation},
  url={http://www.itee.uq.edu.au/eresearch/filething/files/get/projects/vannotea/Annotea%20Sidebar%20-%20User%20Documentation.pdf},
  note={{[Accessed 7 January, 2014]}}
}

@misc{WebAnnotator1,
  title={{Mozilla WebAnnotator Add-on}},
  url = {https://addons.mozilla.org/en-US/firefox/addon/webannotator/ }
}

@misc{WebAnnotator2,
  title={{WebAnnotator}},
  url ={http://perso.limsi.fr/xtannier/en/WebAnnotator/}
}

@misc{YawasLink,
  title={Yawas},
  url={http://www.keeness.net/yawas/index.htm}
}

@misc{GBookmarks,
  title={{Google Bookmarks}},
  url={https://www.google.co.za/bookmarks/}
}


@inproceedings{Yawas,
  title={An annotation tool for {Web} browsers and its applications to information retrieval.},
  author={Denoue, Laurent and Vignollet, Laurence},
  booktitle={RIAO},
  pages={180—195},
  year={2000},
  organization={Citeseer}
}

@misc{Hypothesis,
  title={Hypothes.is},
  url={ http://hypothes.is/}
}

@incollection{Abras,
  title={User-centered design},
  author={Abras, Chadia and Maloney-Krichmar, Diane and Preece, Jenny},
  editor={W. Bainbridge},
  booktitle={Encyclopedia of Human-Computer Interaction.},
  publisher={Berkshire Publishing Group LLC},
  address={Great Barrington, Massachussetts},
  year={2004}
}

@article{GouldLewis,
  title={Designing for usability: key principles and what designers think},
  author={Gould, John D and Lewis, Clayton},
  journal={Communications of the ACM},
  volume={28},
  number={3},
  pages={300—311},
  year={1985},
  publisher={ACM}
}

@book{BeyerHoltzblatt,
  title={Contextual design: defining customer-centered systems},
  author={Beyer, Hugh and Holtzblatt, Karen},
  year={1998},
  publisher={Morgan Kaufmann Publishers},
  address={San Francisco}
 
}

@book{Neapolitan,
  title={Foundations of algorithms},
  author={Neapolitan, Richard and Naimipour, Kumarss and others},
  year={2010},
  publisher={Jones \& Bartlett Publishers},
  address={London}
}

@misc{Kazam,
  title={Kazam Screencaster},
  url ={https://launchpad.net/kazam}
}



@article{Johnson,
  title={Conceptual models: begin by designing what to design},
  author={Johnson, Jeff and Henderson, Austin},
  journal={interactions},
  volume={9},
  number={1},
  pages={25—32},
  year={2002},
  month={January/February},
  publisher={ACM}
}

@book{DixFinlay,
  title={{Human-computer Interaction}},
  author={A. Dix and J. Finlay and G.D. Abowd and R. Beale},
  edition={3rd},
  year={2004},
  publisher={Pearson Education Limited},
  address={Harlow, Essex}
 
}

@book{ShneidermanPlaisant,
  title={{Designing the user interface: Strategies for effective Human-Computer Interaction}},
  author={B. Shneiderman and C. Plaisant},
  edition={4th},
  year={2004},
  publisher={Addison Weasley},
  address={Boston, MA}
 
}

@inproceedings{NielsenHeuristics,
  title={Heuristic evaluation of user interfaces},
  author={Nielsen, Jakob and Molich, Rolf},
  booktitle={Proceedings of the SIGCHI conference on Human factors in computing systems},
  pages={249—256},
  year={1990},
  organization={ACM}
}

@article{Spinuzzi,
  title={The methodology of participatory design},
  author={Spinuzzi, Clay},
  journal={Technical Communication},
  volume={52},
  number={2},
  pages={163—174},
  year={2005},
  publisher={Society for Technical Communication}
}

@book{HackosRedish,
  title={User and task analysis for interface design},
  author={Hackos, JoAnn T and Redish, Janice},
  year={1998},
  publisher={John Wiley and Sons, Inc.},
  address ={New York}
}

@book{Galitz,
  title={The essential guide to user interface design},
  author={Galitz, Wilbert O},
  edition={2nd},
  year={2002},
  publisher={John Wiley \& Sons, Inc},
  address={New York}
}

@article{GabbardHix,
  title={User-centered design and evaluation of virtual environments},
  author={Gabbard, Joseph L and Hix, Deborah and Swan, J Edward},
  journal={Computer Graphics and Applications, IEEE},
  volume={19},
  number={6},
  pages={51—59},
  year={1999},
  publisher={IEEE}
}

@article{Hartson,
  title={Criteria for evaluating usability evaluation methods},
  author={Hartson, H Rex and Andre, Terence S and Williges, Robert C},
  journal={International journal of human-computer interaction},
  volume={13},
  number={4},
  pages={373—410},
  year={2001},
  publisher={Taylor \& Francis}
}

@article{Shneiderman1984,
  title={Response time and display rate in human performance with computers},
  author={Shneiderman, Ben},
  journal={ACM Computing Surveys (CSUR)},
  volume={16},
  number={3},
  pages={265—285},
  year={1984},
  publisher={ACM}
}

@article{Nah,
  title={A study on tolerable waiting time: how long are web users willing to wait?},
  author={Nah, Fiona F},
  journal={Behaviour \& Information Technology},
  volume={23},
  number={3},
  pages={153—163},
  year={2004},
  publisher={Taylor \& Francis}
}

@misc{QUIS,
  title ={{Questionnaire for User Interaction Satisfaction (QUIS), Version 7}},
  url ={http://www.lap.umd.edu/quis/},
  note={{[Accessed 14 November, 2013]}}
}

@inproceedings{Harper1997,
  title={{Questionnaire Administration Via the WWW: A Validation \& Reliability Study for a User Satisfaction Questionnaire.}},
  author={Harper, Ben D and Slaughter, Laura A and Norman, Kent L},
  booktitle={WebNet},
  volume={97},
  pages={1—4},
  year={1997}
}

@inproceedings{Harper1993,
  title={{Improving user satisfaction: The questionnaire for user interaction satisfaction version 5.5}},
  author={Harper, Ben D and Norman, Kent L},
  booktitle={Proceedings of the 1st Annual Mid-Atlantic Human Factors Conference},
  pages={224—228},
  year={1993}
}

@misc{Nielsen1995,
  title={{Usability Problems Found by Heuristic Evaluation.}},
  author={Nielsen, J},
  url={http://www.nngroup.com/articles/usability-problems-found-by-heuristic-evaluation/},
  note={{[Accessed: 5 December, 2013]}},
  year={1995}
}

@misc{QUISquant,
  url={http://lap.umd.edu/quis/QuantQUIS.htm},
  title={{Quant QUIS™:  Information About Quantitative Analysis}},
  note={{[Accessed: 20 November, 2013]}},
 }
 
 @inproceedings{NielsenMolich,
  title={Heuristic evaluation of user interfaces},
  author={Nielsen, Jakob and Molich, Rolf},
  booktitle={Proceedings of the SIGCHI conference on Human factors in computing systems},
  pages={249—256},
  year={1990},
  organization={ACM}
}

@misc{NielsenHow,
  url={http://www.nngroup.com/articles/how-to-conduct-a-heuristic-evaluation/},
  author={Nielsen, J},
  title={{How to Conduct a Heuristic Evaluation}},
  year={1995},
  note={{[Accessed: 5 December, 2013]}}
}



@book{NielsenMack,
  editor={Nielsen, J and Mack, RL},
  title={{Usability Inspection Methods}},
  publisher={John Wiley \& Sons},
  address={New York, NY},
  year={1994},

}

@article{Faulkner,
  title={{Beyond the five-user assumption: Benefits of increased sample sizes in usability testing}},
  author={Faulkner, Laura},
  journal={Behavior Research Methods, Instruments, \& Computers},
  volume={35},
  number={3},
  pages={379—383},
  year={2003},
  publisher={Springer}
}

@inproceedings{Dicks,
  title={Mis-usability: on the uses and misuses of usability testing},
  author={Dicks, R Stanley},
  booktitle={Proceedings of the 20th annual international conference on Computer documentation},
  pages={26—30},
  year={2002},
  organization={ACM}
}

@book{Gravetter,
  title={Research methods for the behavioral sciences},
  edition={3rd},
  author={Gravetter, Frederick J and Forzano, Lori-Ann B},
  year={2003},
  publisher={Cengage Learning},
  address={Belmont, CA}
}

@article{Hertzum,
  title={{The evaluator effect: A chilling fact about usability evaluation methods}},
  author={Hertzum, Morten and Jacobsen, Niels Ebbe},
  journal={International Journal of Human-Computer Interaction},
  volume={13},
  number={4},
  pages={421—443},
  year={2001},
  publisher={Taylor \& Francis}
}

@book{Dumas,
  title={A practical guide to usability testing},
  author={Dumas, Joseph S and Redish, Janice},
  edition={Revised},
  year={1999},
  publisher={Intellect Books},
  address={Portland, Oregon}
}

@inproceedings{Hearst,
  title={Design recommendations for hierarchical faceted search interfaces},
  author={Hearst, Marti},
  booktitle={ACM SIGIR workshop on faceted search},
  pages={1—5},
  year={2006},
  organization={Seattle, WA}
}

@misc{Amazon,
  title={{Amazon.com}},
  url ={http://www.amazon.com/}
}

@misc{eBay,
  title={{eBay}},
  url={www.ebay.com/‎}
}

@inproceedings{Yitzhak,
  title={Beyond basic faceted search},
  author={Ben-Yitzhak, Ori and Golbandi, Nadav and Har'El, Nadav and Lempel, Ronny and Neumann, Andreas and Ofek-Koifman, Shila and Sheinwald, Dafna and Shekita, Eugene and Sznajder, Benjamin and Yogev, Sivan},
  booktitle={Proceedings of the 2008 International Conference on Web Search and Data Mining},
  pages={33—44},
  year={2008},
  organization={ACM}
}

@inproceedings{Kules,
  title={What do exploratory searchers look at in a faceted search interface?},
  author={Kules, Bill and Capra, Robert and Banta, Matthew and Sierra, Tito},
  booktitle={Proceedings of the 9th ACM/IEEE-CS joint conference on Digital libraries},
  pages={313—322},
  year={2009},
  organization={ACM}
}

@article{ShneidermanDynamic,
  title={Dynamic queries for visual information seeking},
  author={Shneiderman, Ben},
  journal={Software, IEEE},
  volume={11},
  number={6},
  pages={70—77},
  year={1994},
  publisher={IEEE}
}

@article{PlaisantQueryPreview,
  title={Interface and data architecture for query preview in networked information systems},
  author={Plaisant, Catherine and Shneiderman, Ben and Doan, Khoa and Bruns, Tom},
  journal={ACM Transactions on Information Systems (TOIS)},
  volume={17},
  number={3},
  pages={320—341},
  year={1999},
  publisher={ACM}
}

@book{Card,
  title={Readings in information visualization: using vision to think},
  author={Card, Stuart K and Mackinlay, Jock D and Shneiderman, Ben},
  year={1999},
  publisher={Morgan Kaufmann}
}

@misc{Wikipedia,
    title ={Wikipedia, the free encyclopedia},
    url = {http://en.wikipedia.org}
}
